<record><leader>00000cas a22000007a 4500</leader><controlfield tag="001">29857901</controlfield><controlfield tag="008">940222d19171943nmuwr ne      0    0eng d</controlfield><datafield ind1=" " ind2=" " tag="010"><subfield code="a">sn 94056988 </subfield></datafield><datafield ind1=" " ind2=" " tag="040"><subfield code="a">NVM</subfield><subfield code="b">eng</subfield><subfield code="c">NVM</subfield><subfield code="d">OCLCQ</subfield><subfield code="d">OCLCO</subfield></datafield><datafield ind1="1" ind2=" " tag="029"><subfield code="a">AU@</subfield><subfield code="b">000025899507</subfield></datafield><datafield ind1=" " ind2=" " tag="042"><subfield code="a">msc</subfield></datafield><datafield ind1=" " ind2=" " tag="043"><subfield code="a">n-us-nm</subfield></datafield><datafield ind1="0" ind2=" " tag="130"><subfield code="a">Vaughn news (Vaughn, N.M. : 1917)</subfield></datafield><datafield ind1="1" ind2="4" tag="245"><subfield code="a">The Vaughn news.</subfield></datafield><datafield ind1=" " ind2=" " tag="260"><subfield code="a">Vaughn, Guadalupe County, N.M. :</subfield><subfield code="b">C.C. Burns</subfield></datafield><datafield ind1=" " ind2=" " tag="300"><subfield code="a">v.</subfield></datafield><datafield ind1=" " ind2=" " tag="310"><subfield code="a">Weekly</subfield></datafield><datafield ind1="1" ind2=" " tag="362"><subfield code="a">Began with Mar. 2, 1917; ceased in Oct. 1943.</subfield></datafield><datafield ind1=" " ind2=" " tag="588"><subfield code="a">Description based on: [vol. 1], no. 14 (June 1, 1917).</subfield></datafield><datafield ind1=" " ind2="0" tag="651"><subfield code="a">Vaughn (N.M.)</subfield><subfield code="v">Newspapers.</subfield></datafield><datafield ind1=" " ind2="0" tag="651"><subfield code="a">Guadalupe County (N.M.)</subfield><subfield code="v">Newspapers.</subfield></datafield><datafield ind1=" " ind2=" " tag="752"><subfield code="a">United States</subfield><subfield code="b">New Mexico</subfield><subfield code="c">Guadalupe</subfield><subfield code="d">Vaughn.</subfield></datafield><datafield ind1="0" ind2="4" tag="785"><subfield code="t">Santa Rosa news (Santa Rosa, N.M. : 1926)</subfield><subfield code="w">(DLC)sn 92070430</subfield></datafield></record>